
@article{Mnih2013PlayingAW,
	title={Playing Atari with Deep Reinforcement Learning},
	author={V. Mnih and K. Kavukcuoglu and D. Silver and A. Graves and Ioannis Antonoglou and Daan Wierstra and Martin A. Riedmiller},
	journal={ArXiv},
	year={2013},
	volume={abs/1312.5602}
}

@article{Ye2020MasteringCC,
	title={Mastering Complex Control in MOBA Games with Deep Reinforcement Learning},
	author={Deheng Ye and Z. Liu and M. Sun and Bei Shi and P. Zhao and Hao Wu and Hongsheng Yu and Shaojie Yang and Xipeng Wu and Qingwei Guo and Qiaobo Chen and Yinyuting Yin and Hao Zhang and Tengfei Shi and L. Wang and Qiang Fu and W. Yang and L. Huang},
	journal={AAAI},
	year={2020},
	volume={6672â€“6679}
}


@article{Silver2016MasteringTG,
	title={Mastering the game of Go with deep neural networks and tree search},
	author={D. Silver and Aja Huang and Chris J. Maddison and A. Guez and L. Sifre and G. V. D. Driessche and Julian Schrittwieser and Ioannis Antonoglou and Vedavyas Panneershelvam and Marc Lanctot and S. Dieleman and Dominik Grewe and John Nham and Nal Kalchbrenner and Ilya Sutskever and T. Lillicrap and M. Leach and K. Kavukcuoglu and T. Graepel and D. Hassabis},
	journal={Nature},
	year={2016},
	volume={529},
	pages={484-489}
}

@article{Li2017DeepRL,
	title={Deep Reinforcement Learning: An Overview},
	author={Yuxi Li},
	journal={ArXiv},
	year={2017},
	volume={abs/1701.07274}
}