
@article{Mnih2013PlayingAW,
	title={Playing Atari with Deep Reinforcement Learning},
	author={V. Mnih and K. Kavukcuoglu and D. Silver and A. Graves and Ioannis Antonoglou and Daan Wierstra and Martin A. Riedmiller},
	journal={ArXiv},
	year={2013},
	volume={abs/1312.5602}
}

@article{Karimpanal2018ExperienceRU,
	title={Experience Replay Using Transition Sequences},
	author={Thommen George Karimpanal and Roland Bouffanais},
	journal={Frontiers in Neurorobotics},
	year={2018},
	volume={12}
}
